@article{lee1986computational,
  title={Computational complexity of art gallery problems},
  author={Lee, D and Lin, Arthurk},
  journal={IEEE Transactions on Information Theory},
  volume={32},
  number={2},
  pages={276--282},
  year={1986},
  publisher={IEEE}
}

@inproceedings{heffernan1993optimal,
  title={An optimal algorithm for the two-guard problem},
  author={Heffernan, Paul J},
  booktitle={Proceedings of the Ninth Annual symposium on computational geometry},
  pages={348--358},
  year={1993}
}

@article{icking1992two,
  title={The two guards problem},
  author={Icking, Christian and Klein, Rolf},
  journal={International Journal of Computational Geometry \& Applications},
  volume={2},
  number={03},
  pages={257--285},
  year={1992},
  publisher={World Scientific}
}

@article{bartschi2014conflict,
  title={Conflict-free chromatic art gallery coverage},
  author={B{\"a}rtschi, Andreas and Suri, Subhash},
  journal={Algorithmica},
  volume={68},
  pages={265--283},
  year={2014},
  publisher={Springer}
}

@inproceedings{duraisamy2022half,
  title={Half-guarding weakly-visible polygons and terrains},
  author={Duraisamy, Nandhana and Hillberg, Hannah Miller and Jallu, Ramesh K and Krohn, Erik and Maheshwari, Anil and Nandy, Subhas C and Pahlow, Alex},
  booktitle={42nd IARCS Annual Conference on Foundations of Software Technology and Theoretical Computer Science (FSTTCS 2022)},
  year={2022},
  organization={Schloss-Dagstuhl-Leibniz Zentrum f{\"u}r Informatik}
}

@article{yiu2001generalized,
  title={A generalized fortress problem using k-consecutive vertex guards},
  author={Yiu, SM},
  journal={Journal of Geometry},
  volume={72},
  number={1},
  pages={188--198},
  year={2001},
  publisher={Springer}
}